%%% Jason References

%%% General References
@article{PDG2018,
      author         = "Tanabashi, M. and others",
      title          = "{Review of Particle Physics}",
      collaboration  = "Particle Data Group",
      journal        = "Phys. Rev.",
      volume         = "D98",
      year           = "2018",
      number         = "3",
      pages          = "030001",
      doi            = "10.1103/PhysRevD.98.030001",
      SLACcitation   = "%%CITATION = PHRVA,D98,030001;%%"
}

@article{ROCAnalysis,
	author = "Fawcett, Tom.",
	month = "12",
	pages = "861--874",
	title = "{An introduction to ROC analysis}",
	journal = "Pattern Recognition Letters",
	volume 	= "27",
	year	= "2006"
}
@article{QuarkConfinement,
    author = "Wilson, Kenneth G.",
    doi = "10.1103/PhysRevD.10.2445",
    month = "2",
    pages = "45--59",
    reportNumber = "CLNS-262",
    title = "{Confinement of Quarks}",
    year = "1974"
}

%LHC/Atlas/Detector References
@article{LHCAccComplex,
      author        = "Mobs, Esma",
      title         = "{The CERN accelerator complex. Complexe des
                       accélérateurs du CERN}",
      month         = "Jul",
      year          = "2016",
      reportNumber  = "OPEN-PHO-ACCEL-2016-009",
      url           = "https://cds.cern.ch/record/2197559",
      note          = "General Photo",
}

@article{ATLAS,
      title         = "{The ATLAS Experiment at the CERN Large Hadron Collider}",
      journal       = "J. Instrum.",
      collaboration = "ATLAS Collaboration",
      volume        = "3",
      pages         = "S08003. 437 p",
      year          = "2008",
      url           = "http://cds.cern.ch/record/1129811",
}
@unpublished{ParticleInteractions,
      author        = "Joao Pequenao",
      title         = "{Event Cross Section in a computer generated image of the
                       ATLAS detector.}",
      month         = "Mar",
      year          = "2008",
      reportNumber  = "CERN-GE-0803022",
      url           = "https://cds.cern.ch/record/1096081",
}

@article{ATLASTDAQ,
      author         = "Backes, Moritz",
      title          = "{The ATLAS Trigger System: Ready for Run-2}",
      booktitle      = "{Proceedings, 27th International Symposium on Lepton
                        Photon Interactions at High Energy (LP15): Ljubljana,
                        Slovenia, August 17-22, 2015}",
      collaboration  = "ATLAS",
      journal        = "PoS",
      volume         = "LeptonPhoton2015",
      year           = "2016",
      pages          = "045",
      doi            = "10.22323/1.245.0045",
      reportNumber   = "ATL-DAQ-PROC-2015-041",
      SLACcitation   = "%%CITATION = POSCI,LeptonPhoton2015,045;%%"
}
@article{ATLASCoords,
author = {Kuger, Fabian},
year = {2017},
month = {08},
pages = {},
title = {Signal Formation Processes in Micromegas Detectors and Quality Control for large size Detector Construction for the ATLAS New Small Wheel}
}
%IBL
@techreport{Capeans:1291633,
      author        = "Capeans, M and Darbo, G and Einsweiller, K and Elsing, M
                       and Flick, T and Garcia-Sciveres, M and Gemme, C and
                       Pernegger, H and Rohne, O and Vuillermet, R",
      title         = "{ATLAS Insertable B-Layer Technical Design Report}",
      collaboration = "ATLAS Collaboration",
      number        = "CERN-LHCC-2010-013. ATLAS-TDR-19",
      month         = "Sep",
      year          = "2010",
      reportNumber  = "CERN-LHCC-2010-013",
      url           = "https://cds.cern.ch/record/1291633",
}

%Inner Detector
@book{CERN-LHCC-97-016,
      title         = "{ATLAS inner detector: Technical Design Report, 1}",
      publisher     = "CERN",
      collaboration = "ATLAS Collaboration",
      address       = "Geneva",
      series        = "Technical Design Report ATLAS",
      year          = "1997",
      reportNumber  = "CERN-LHCC-97-016",
      url           = "https://cds.cern.ch/record/331063",
}

@article{Takubo:2017wvt,
      author         = "Takubo, Yosuke",
      title          = "{ATLAS IBL operational experience}",
      booktitle      = "{Proceedings, 25th International Workshop on Vertex
                        Detectors (Vertex 2016): La Biodola, Elba Island, Livorno,
                        Italy, September 26-30, 2016}",
      collaboration  = "ATLAS",
      journal        = "PoS",
      volume         = "Vertex2016",
      year           = "2017",
      pages          = "004",
      doi            = "10.22323/1.287.0004",
      reportNumber   = "ATL-INDET-PROC-2016-012",
      SLACcitation   = "%%CITATION = POSCI,Vertex2016,004;%%"
}
@article{Potamianos:2016ptf,
      author         = "Potamianos, Karolos",
      title          = "{The upgraded Pixel detector and the commissioning of the
                        Inner Detector tracking of the ATLAS experiment for Run-2
                        at the Large Hadron Collider}",
      booktitle      = "{Proceedings,  2015 European Physical Society Conference
                        on High Energy Physics (EPS-HEP 2015): Vienna, Austria,
                        July 22-29, 2015}",
      journal        = "PoS",
      volume         = "EPS-HEP2015",
      year           = "2015",
      pages          = "261",
      eprint         = "1608.07850",
      archivePrefix  = "arXiv",
      primaryClass   = "physics.ins-det",
      reportNumber   = "ATL-PHYS-PROC-2016-104",
      SLACcitation   = "%%CITATION = ARXIV:1608.07850;%%"
}

%TRT
@article{Mindur:2017nqn,
      author         = "Mindur, Bartosz",
      title          = "{ATLAS Transition Radiation Tracker (TRT): Straw tubes
                        for tracking and particle identification at the Large
                        Hadron Collider}",
      booktitle      = "{Proceedings, 14th Vienna Conference on Instrumentation
                        (VCI 2016): Vienna, Austria, February 15-19, 2016}",
      collaboration  = "ATLAS",
      journal        = "Nucl. Instrum. Meth.",
      volume         = "A845",
      year           = "2017",
      pages          = "257-261",
      doi            = "10.1016/j.nima.2016.04.026",
      reportNumber   = "ATL-INDET-PROC-2016-001",
      SLACcitation   = "%%CITATION = NUIMA,A845,257;%%"
}
%LAr
@book{CERN-LHCC-96-041,
      title         = "{ATLAS liquid-argon calorimeter: Technical Design Report}",
      publisher     = "CERN",
      collaboration = "ATLAS Collaboration",
      address       = "Geneva",
      series        = "Technical Design Report ATLAS",
      year          = "1996",
      reportNumber  = "CERN-LHCC-96-041",
      url           = "https://cds.cern.ch/record/331061",
}
%TileCal
@book{CERN-LHCC-96-042,
      title         = "{ATLAS tile calorimeter: Technical Design Report}",
      publisher     = "CERN",
      collaboration = "ATLAS Collaboration",
      address       = "Geneva",
      series        = "Technical Design Report ATLAS",
      year          = "1996",
      reportNumber  = "CERN-LHCC-96-042",
      url           = "https://cds.cern.ch/record/331062",
}

%Trigger Rate Fact Sheet
@unpublished{Outreach:1457044,
      author        = "ATLAS Outreach",
      title         = "{ATLAS Fact Sheet : To raise awareness of the ATLAS
                       detector and collaboration on the LHC}",
      year          = "2010",
      reportNumber  = "ATLAS-Brochure-2010-002-Eng",
      url           = "https://cds.cern.ch/record/1457044"
}

@article{DOLGOSHEIN1993434,
title = "Transition radiation detectors",
journal = "Nuclear Instruments and Methods in Physics Research Section A: Accelerators, Spectrometers, Detectors and Associated Equipment",
volume = "326",
number = "3",
pages = "434 - 469",
year = "1993",
issn = "0168-9002",
doi = "https://doi.org/10.1016/0168-9002(93)90846-A",
url = "http://www.sciencedirect.com/science/article/pii/016890029390846A",
author = "Boris Dolgoshein",
abstract = "The use of transition radiation (TR) as a means of identifying high energy particles has now become a subject of intensive experimental investigations and applications. Our intention is first to study the physics of these phenomena and to describe ways of building detectors which can efficiently identify particles."
}


%%SM References
@article{SM1Glashow,
      author         = "Glashow, S. L.",
      title          = "{Partial Symmetries of Weak Interactions}",
      journal        = "Nucl. Phys.",
      volume         = "22",
      year           = "1961",
      pages          = "579-588",
      doi            = "10.1016/0029-5582(61)90469-2",
      SLACcitation   = "%%CITATION = NUPHA,22,579;%%"
}

@article{GIM,
      author         = "Glashow, S. L. and Iliopoulos, J. and Maiani, L.",
      title          = "{Weak Interactions with Lepton-Hadron Symmetry}",
      booktitle      = "{Meeting of the Italian School of Physics and Weak
                        Interactions Bologna, Italy, April 26-28, 1984}",
      journal        = "Phys. Rev.",
      volume         = "D2",
      year           = "1970",
      pages          = "1285-1292",
      doi            = "10.1103/PhysRevD.2.1285",
      SLACcitation   = "%%CITATION = PHRVA,D2,1285;%%"
}

@article{BDiscovery,
      author         = "Herb, S. W. and others",
      title          = "{Observation of a Dimuon Resonance at 9.5-GeV in 400-GeV
                        Proton-Nucleus Collisions}",
      journal        = "Phys. Rev. Lett.",
      volume         = "39",
      year           = "1977",
      pages          = "252-255",
      doi            = "10.1103/PhysRevLett.39.252",
      reportNumber   = "FERMILAB-PUB-77-58-EXP, FERMILAB-PUB-77-058-E,
                        PRINT-77-0640 (COLUMBIA)",
      SLACcitation   = "%%CITATION = PRLTA,39,252;%%"
}

@article{SM2Weinberg,
      author         = "Weinberg, Steven",
      title          = "{A Model of Leptons}",
      journal        = "Phys. Rev. Lett.",
      volume         = "19",
      year           = "1967",
      pages          = "1264-1266",
      doi            = "10.1103/PhysRevLett.19.1264",
      SLACcitation   = "%%CITATION = PRLTA,19,1264;%%"
}

@article{SM3Salam,
      author         = "Salam, Abdus",
      title          = "{Weak and Electromagnetic Interactions}",
      booktitle      = "{8th Nobel Symposium Lerum, Sweden, May 19-25, 1968}",
      journal        = "Conf. Proc.",
      volume         = "C680519",
      year           = "1968",
      pages          = "367-377",
      SLACcitation   = "%%CITATION = CONFP,C680519,367;%%"
}

@article{Higgs1,
      author         = "Higgs, Peter W.",
      title          = "{Broken Symmetries and the Masses of Gauge Bosons}",
      journal        = "Phys. Rev. Lett.",
      volume         = "13",
      year           = "1964",
      pages          = "508-509",
      doi            = "10.1103/PhysRevLett.13.508",
%      note           = "[,160(1964)]",
      SLACcitation   = "%%CITATION = PRLTA,13,508;%%"
}

@article{Higgs2,
      author         = "Englert, F. and Brout, R.",
      title          = "{Broken Symmetry and the Mass of Gauge Vector Mesons}",
      journal        = "Phys. Rev. Lett.",
      volume         = "13",
      year           = "1964",
      pages          = "321-323",
      doi            = "10.1103/PhysRevLett.13.321",
%      note           = "[,157(1964)]",
      SLACcitation   = "%%CITATION = PRLTA,13,321;%%"
}

@inproceedings{GrossmanLecture,
      author         = "Grossman, Yuval",
      title          = "{Introduction to flavor physics}",
      booktitle      = "{Flavianet School on Flavour Physics Karlsruhe, Germany,
                        September 7-18, 2009}",
      year           = "2014",
      pages          = "111-144",
      doi            = "10.5170/CERN-2010-002.111, 10.5170/CERN-2014-003.73",
 %     note           = "[,73(2014)]",
      eprint         = "1006.3534",
      archivePrefix  = "arXiv",
      primaryClass   = "hep-ph",
      SLACcitation   = "%%CITATION = ARXIV:1006.3534;%%"
}

@article{CKM1,
      author         = "Cabibbo, Nicola",
      title          = "{Unitary Symmetry and Leptonic Decays}",
      booktitle      = "{Meeting of the Italian School of Physics and Weak
                        Interactions Bologna, Italy, April 26-28, 1984}",
      journal        = "Phys. Rev. Lett.",
      volume         = "10",
      year           = "1963",
      pages          = "531-533",
      doi            = "10.1103/PhysRevLett.10.531",
%      note           = "[,648(1963)]",
      SLACcitation   = "%%CITATION = PRLTA,10,531;%%"
}

@article{CKM2,
      author         = "Kobayashi, Makoto and Maskawa, Toshihide",
      title          = "{CP Violation in the Renormalizable Theory of Weak
                        Interaction}",
      journal        = "Prog. Theor. Phys.",
      volume         = "49",
      year           = "1973",
      pages          = "652-657",
      doi            = "10.1143/PTP.49.652",
      reportNumber   = "KUNS-242",
      SLACcitation   = "%%CITATION = PTPKA,49,652;%%"
}

@article{Wolfenstein,
      author         = "Wolfenstein, Lincoln",
      title          = "{Parametrization of the Kobayashi-Maskawa Matrix}",
      journal        = "Phys. Rev. Lett.",
      volume         = "51",
      year           = "1983",
      pages          = "1945",
      doi            = "10.1103/PhysRevLett.51.1945",
      reportNumber   = "CMU-HEG83-9",
      SLACcitation   = "%%CITATION = PRLTA,51,1945;%%"
}
%% Higgs Discovery
@article{Higgs3,
      author         = "Aad, Georges and others",
      title          = "{Observation of a new particle in the search for the
                        Standard Model Higgs boson with the ATLAS detector at the
                        LHC}",
      collaboration  = "ATLAS",
      journal        = "Phys. Lett.",
      volume         = "B716",
      year           = "2012",
      pages          = "1-29",
      doi            = "10.1016/j.physletb.2012.08.020",
      eprint         = "1207.7214",
      archivePrefix  = "arXiv",
      primaryClass   = "hep-ex",
      reportNumber   = "CERN-PH-EP-2012-218",
      SLACcitation   = "%%CITATION = ARXIV:1207.7214;%%"
}

@article{Higgs4,
      author         = "Chatrchyan, Serguei and others",
      title          = "{Observation of a new boson at a mass of 125 GeV with the
                        CMS experiment at the LHC}",
      collaboration  = "CMS",
      journal        = "Phys. Lett.",
      volume         = "B716",
      year           = "2012",
      pages          = "30-61",
      doi            = "10.1016/j.physletb.2012.08.021",
      eprint         = "1207.7235",
      archivePrefix  = "arXiv",
      primaryClass   = "hep-ex",
      reportNumber   = "CMS-HIG-12-028, CERN-PH-EP-2012-220",
      SLACcitation   = "%%CITATION = ARXIV:1207.7235;%%"
}



@Misc{TopWG,
  author = {LHC Top Working Group},
  title =  {LHCTopWG Summary Plots},
  howpublished = {\url{https://twiki.cern.ch/twiki/bin/view/LHCPhysics/LHCTopWGSummaryPlots}},
  note = {Accessed: 2019-09-27}
}

@misc{ATLASLumi,
  author = {The ATLAS Collaboration},
  title = {Luminosity Public Results Run 2},
  howpublished = {\url{https://twiki.cern.ch/twiki/bin/view/AtlasPublic/LuminosityPublicResultsRun2}},
  note = {Accessed2019-09-27}
}


@Misc{BTagImg,
  author = {Bartosik, N.},
  title = {File:B-tagging diagram.png},
  howpublished = {\url{https://commons.wikimedia.org/wiki/File:B-tagging_diagram.png}},
  note = {Accessed: 2019-10-18}
}



%%Top References
%Nature NATURE 
@article{Abazov:2004cs,
      author         = "Abazov, V. M. and others",
      title          = "{A precision measurement of the mass of the top quark}",
      collaboration  = "D0",
      journal        = "Nature",
      volume         = "429",
      year           = "2004",
      pages          = "638-642",
      doi            = "10.1038/nature02589",
      eprint         = "hep-ex/0406031",
      archivePrefix  = "arXiv",
      primaryClass   = "hep-ex",
      reportNumber   = "FERMILAB-PUB-04-083-E",
      SLACcitation   = "%%CITATION = HEP-EX/0406031;%%"
}
@article{TopObs,
      author         = "Abe, F. and others",
      title          = "{Observation of top quark production in $\bar{p}p$
                        collisions}",
      collaboration  = "CDF",
      journal        = "Phys. Rev. Lett.",
      volume         = "74",
      year           = "1995",
      pages          = "2626-2631",
      doi            = "10.1103/PhysRevLett.74.2626",
      eprint         = "hep-ex/9503002",
      archivePrefix  = "arXiv",
      primaryClass   = "hep-ex",
      reportNumber   = "FERMILAB-PUB-95-022-E, CDF-PUB-TOP-PUBLIC-3040,
                        ANL-HEP-PR-95-44",
      SLACcitation   = "%%CITATION = HEP-EX/9503002;%%"
}

@article{TopObsD0,
      author         = "Abachi, S. and others",
      title          = "{Search for high mass top quark production in $p\bar{p}$
                        collisions at $\sqrt{s} = 1.8$ TeV}",
      collaboration  = "D0",
      journal        = "Phys. Rev. Lett.",
      volume         = "74",
      year           = "1995",
      pages          = "2422-2426",
      doi            = "10.1103/PhysRevLett.74.2422",
      eprint         = "hep-ex/9411001",
      archivePrefix  = "arXiv",
      primaryClass   = "hep-ex",
      reportNumber   = "FERMILAB-PUB-94-354-E, FSU-SCRI-95-48",
      SLACcitation   = "%%CITATION = HEP-EX/9411001;%%"
}

@article{TopMass2017,
      author         = "The ATLAS collaboration",
      title          = "{Measurement of the top quark mass in the $t\bar{t}\rightarrow$
                        lepton+jets channel from $\sqrt{s}$=8 TeV ATLAS data}",
      collaboration  = "ATLAS",
      year           = "2017",
      reportNumber   = "ATLAS-CONF-2017-071",
      SLACcitation   = "%%CITATION = ATLAS-CONF-2017-071;%%"
} %172.51

@article{TopProperties,
      author         = "Wicke, Daniel",
      title          = "{Properties of the Top Quark}",
      journal        = "Eur. Phys. J.",
      volume         = "C71",
      year           = "2011",
      pages          = "1627",
      doi            = "10.1140/epjc/s10052-011-1627-0",
      eprint         = "1005.2460",
      archivePrefix  = "arXiv",
      primaryClass   = "hep-ex",
      reportNumber   = "FERMILAB-HABIL-2009-01",
      SLACcitation   = "%%CITATION = ARXIV:1005.2460;%%"
}

@article{TopReview,
      author         = "Cristinziani, Markus and Mulders, Martijn",
      title          = "{Top-quark physics at the Large Hadron Collider}",
      journal        = "J. Phys.",
      volume         = "G44",
      year           = "2017",
      number         = "6",
      pages          = "063001",
      doi            = "10.1088/1361-6471/44/6/063001",
      eprint         = "1606.00327",
      archivePrefix  = "arXiv",
      primaryClass   = "hep-ex",
      SLACcitation   = "%%CITATION = ARXIV:1606.00327;%%"
}
%%%%%%%%%%%%%%%%%%%%%%%%%%%%%%%%%%%%%
%%%MC Generation/Simulation
@article{Geant4,
      author         = "Agostinelli, S. and others",
      title          = "{GEANT4: A Simulation toolkit}",
      collaboration  = "GEANT4",
      journal        = "Nucl. Instrum. Meth.",
      volume         = "A506",
      year           = "2003",
      pages          = "250-303",
      doi            = "10.1016/S0168-9002(03)01368-8",
      reportNumber   = "SLAC-PUB-9350, FERMILAB-PUB-03-339",
      SLACcitation   = "%%CITATION = NUIMA,A506,250;%%"
}

@thesis{MaxThesis,
      author        = "Wanotayaroj, Chaowaroj and Brau, Jim",
      title         = "{Search for a Scalar Partner of the Top Quark in the
                       Jets+MET Final State with the ATLAS detector}",
      month         = "Nov",
      year          = "2016",
      reportNumber  = "CERN-THESIS-2016-234",
      url           = "https://cds.cern.ch/record/2242196",
      note          = "Presented 25 Oct 2016",
} %MCFlow Image 


@article{Sherpa11,
      author         = "Gleisberg, T. and Hoeche, Stefan. and Krauss, F. and
                        Schonherr, M. and Schumann, S. and Siegert, F. and Winter,
                        J.",
      title          = "{Event generation with SHERPA 1.1}",
      journal        = "JHEP",
      volume         = "02",
      year           = "2009",
      pages          = "007",
      doi            = "10.1088/1126-6708/2009/02/007",
      eprint         = "0811.4622",
      archivePrefix  = "arXiv",
      primaryClass   = "hep-ph",
      reportNumber   = "FERMILAB-PUB-08-477-T, SLAC-PUB-13420, ZU-TH-17-08,
                        DCPT-08-138, IPPP-08-69, EDINBURGH-2008-30, MCNET-08-14",
      SLACcitation   = "%%CITATION = ARXIV:0811.4622;%%"
}
@article{Sherpa22,
      author         = "Bothmann, Enrico and others",
      title          = "{Event Generation with Sherpa 2.2}",
      journal        = "SciPost Phys.",
      volume         = "7",
      year           = "2019",
      pages          = "034",
      doi            = "10.21468/SciPostPhys.7.3.034",
      eprint         = "1905.09127",
      archivePrefix  = "arXiv",
      primaryClass   = "hep-ph",
      reportNumber   = "FERMILAB-PUB-19-218-T, SLAC-PUB-17433, IPPP/19/42,
                        MCNET-19-11",
      SLACcitation   = "%%CITATION = ARXIV:1905.09127;%%"
}
@article{Pythia8,
      author         = "Sjostrand, Torbjorn and Mrenna, Stephen and Skands, Peter
                        Z.",
      title          = "{A Brief Introduction to PYTHIA 8.1}",
      journal        = "Comput. Phys. Commun.",
      volume         = "178",
      year           = "2008",
      pages          = "852-867",
      doi            = "10.1016/j.cpc.2008.01.036",
      eprint         = "0710.3820",
      archivePrefix  = "arXiv",
      primaryClass   = "hep-ph",
      reportNumber   = "CERN-LCGAPP-2007-04, LU-TP-07-28,
                        FERMILAB-PUB-07-512-CD-T",
      SLACcitation   = "%%CITATION = ARXIV:0710.3820;%%"
}
@article{Powheg2,
      author         = "Alioli, Simone and Nason, Paolo and Oleari, Carlo and Re,
                        Emanuele",
      title          = "{A general framework for implementing NLO calculations in
                        shower Monte Carlo programs: the POWHEG BOX}",
      journal        = "JHEP",
      volume         = "06",
      year           = "2010",
      pages          = "043",
      doi            = "10.1007/JHEP06(2010)043",
      eprint         = "1002.2581",
      archivePrefix  = "arXiv",
      primaryClass   = "hep-ph",
      reportNumber   = "DESY-10-018, SFB-CPP-10-22, IPPP-10-11, DCPT-10-22",
      SLACcitation   = "%%CITATION = ARXIV:1002.2581;%%"
}
@article{Powheg1,
      author         = "Frixione, Stefano and Nason, Paolo and Oleari, Carlo",
      title          = "{Matching NLO QCD computations with Parton Shower
                        simulations: the POWHEG method}",
      journal        = "JHEP",
      volume         = "11",
      year           = "2007",
      pages          = "070",
      doi            = "10.1088/1126-6708/2007/11/070",
      eprint         = "0709.2092",
      archivePrefix  = "arXiv",
      primaryClass   = "hep-ph",
      reportNumber   = "BICOCCA-FT-07-9, GEF-TH-21-2007",
      SLACcitation   = "%%CITATION = ARXIV:0709.2092;%%"
}
@article{MadGraph,
      author         = "Alwall, J. and Frederix, R. and Frixione, S. and Hirschi,
                        V. and Maltoni, F. and Mattelaer, O. and Shao, H. -S. and
                        Stelzer, T. and Torrielli, P. and Zaro, M.",
      title          = "{The automated computation of tree-level and
                        next-to-leading order differential cross sections, and
                        their matching to parton shower simulations}",
      journal        = "JHEP",
      volume         = "07",
      year           = "2014",
      pages          = "079",
      doi            = "10.1007/JHEP07(2014)079",
      eprint         = "1405.0301",
      archivePrefix  = "arXiv",
      primaryClass   = "hep-ph",
      reportNumber   = "CERN-PH-TH-2014-064, CP3-14-18, LPN14-066, MCNET-14-09,
                        ZU-TH-14-14",
      SLACcitation   = "%%CITATION = ARXIV:1405.0301;%%"
}
@article{Alwall:2006yp,
      author         = "Alwall, Johan and others",
      title          = "{A Standard format for Les Houches event files}",
      booktitle      = "{Monte Carlos for the LHC: A Workshop on the Tools for
                        LHC Event Simulation (MC4LHC) Geneva, Switzerland, July
                        17-16, 2006}",
      journal        = "Comput. Phys. Commun.",
      volume         = "176",
      year           = "2007",
      pages          = "300-304",
      doi            = "10.1016/j.cpc.2006.11.010",
      eprint         = "hep-ph/0609017",
      archivePrefix  = "arXiv",
      primaryClass   = "hep-ph",
      reportNumber   = "FERMILAB-PUB-06-337-T, CERN-LCGAPP-2006-03",
      SLACcitation   = "%%CITATION = HEP-PH/0609017;%%"
}
%%%%FCNC Production:
@article{UFOModel,
      author         = "Amorim, Artur and Araque, Juan Pedro and Castro, Nuno
                        Filipe and Santiago, Jose and Santos, Rui",
      title          = "{Production of t$\gamma$, tZ and tH via Flavour Changing
                        Neutral Currents}",
      booktitle      = "{Proceedings, 8th International Workshop on Top Quark
                        Physics (TOP2015): Ischia, Italy, September 14-18, 2015}",
      journal        = "PoS",
      volume         = "TOP2015",
      year           = "2016",
      pages          = "067",
      doi            = "10.22323/1.257.0067",
      eprint         = "1511.09432",
      archivePrefix  = "arXiv",
      primaryClass   = "hep-ph",
      SLACcitation   = "%%CITATION = ARXIV:1511.09432;%%"
}

@article{UFO,
      author         = "Degrande, Celine and Duhr, Claude and Fuks, Benjamin and
                        Grellscheid, David and Mattelaer, Olivier and Reiter,
                        Thomas",
      title          = "{UFO - The Universal FeynRules Output}",
      journal        = "Comput. Phys. Commun.",
      volume         = "183",
      year           = "2012",
      pages          = "1201-1214",
      doi            = "10.1016/j.cpc.2012.01.022",
      eprint         = "1108.2040",
      archivePrefix  = "arXiv",
      primaryClass   = "hep-ph",
      reportNumber   = "CP3-11-25, IPHC-PHENO-11-04, IPPP-11-39, DCPT-11-78,
                        MPP-2011-68",
      SLACcitation   = "%%CITATION = ARXIV:1108.2040;%%"
}

@article{TopCouplingsAguilarSaavedra,
      author         = "Aguilar-Saavedra, J. A.",
      title          = "{A Minimal set of top anomalous couplings}",
      journal        = "Nucl. Phys.",
      volume         = "B812",
      year           = "2009",
      pages          = "181-204",
      doi            = "10.1016/j.nuclphysb.2008.12.012",
      eprint         = "0811.3842",
      archivePrefix  = "arXiv",
      primaryClass   = "hep-ph",
      SLACcitation   = "%%CITATION = ARXIV:0811.3842;%%"
}

@article{Dim6Terms,
      author         = "Grzadkowski, B. and Iskrzynski, M. and Misiak, M. and
                        Rosiek, J.",
      title          = "{Dimension-Six Terms in the Standard Model Lagrangian}",
      journal        = "JHEP",
      volume         = "10",
      year           = "2010",
      pages          = "085",
      doi            = "10.1007/JHEP10(2010)085",
      eprint         = "1008.4884",
      archivePrefix  = "arXiv",
      primaryClass   = "hep-ph",
      reportNumber   = "IFT-9-2010, TTP10-35",
      SLACcitation   = "%%CITATION = ARXIV:1008.4884;%%"
}

@article{Dim6TermsOld,
      author         = "Coimbra, R. A. and Ferreira, P. M. and Guedes, R. B. and
                        Oliveira, O. and Onofre, A. and Santos, R. and Won,
                        Miguel",
      title          = "{Dimension six FCNC operators and top production at the
                        LHC}",
      journal        = "Phys. Rev.",
      volume         = "D79",
      year           = "2009",
      pages          = "014006",
      doi            = "10.1103/PhysRevD.79.014006",
      eprint         = "0811.1743",
      archivePrefix  = "arXiv",
      primaryClass   = "hep-ph",
      SLACcitation   = "%%CITATION = ARXIV:0811.1743;%%"
}
@inproceedings{FCNCtqZ,
      author         = "Hioki, Zenro and Ohkuma, Kazumasa and Uejima, Akira",
      title          = "{Effective Lagrangian Approach to Top Decay via Flavor
                        Changing Neutral Current}",
      booktitle      = "{29th International Conference on Lepton and Photon
                        Interactions (LP2019) Toronto, Ontario, Canada, August
                        5-10, 2019}",
      year           = "2019",
      eprint         = "1909.06150",
      archivePrefix  = "arXiv",
      primaryClass   = "hep-ph",
      SLACcitation   = "%%CITATION = ARXIV:1909.06150;%%"
}
@article{Degrande:2014tta,
      author         = "Degrande, Celine and Maltoni, Fabio and Wang, Jian and
                        Zhang, Cen",
      title          = "{Automatic computations at next-to-leading order in QCD
                        for top-quark flavor-changing neutral processes}",
      journal        = "Phys. Rev.",
      volume         = "D91",
      year           = "2015",
      pages          = "034024",
      doi            = "10.1103/PhysRevD.91.034024",
      eprint         = "1412.5594",
      archivePrefix  = "arXiv",
      primaryClass   = "hep-ph",
      reportNumber   = "CP3-14-84, MITP-14-085, IPPP-14-109, DCPT-14-218",
      SLACcitation   = "%%CITATION = ARXIV:1412.5594;%%"
}
%Reconstruction
@article{ElectronID,
      author         = "Aaboud, Morad and others",
      title          = "{Electron reconstruction and identification in the ATLAS
                        experiment using the 2015 and 2016 LHC proton-proton
                        collision data at $\sqrt{s}$ = 13 TeV}",
      collaboration  = "ATLAS",
      journal        = "Eur. Phys. J.",
      volume         = "C79",
      year           = "2019",
      number         = "8",
      pages          = "639",
      doi            = "10.1140/epjc/s10052-019-7140-6",
      eprint         = "1902.04655",
      archivePrefix  = "arXiv",
      primaryClass   = "physics.ins-det",
      reportNumber   = "CERN-EP-2018-273",
      SLACcitation   = "%%CITATION = ARXIV:1902.04655;%%"
}

@article{ElectronCalib1,
      title          = "{Electron and photon energy calibration with the ATLAS
                        detector using LHC Run 1 data}",
      journal        = "Eur. Phys. J.",
      volume         = "C74",
      year           = "2014",
      number         = "10",
      pages          = "3071", 
     doi            = "10.1140/epjc/s10052-014-3071-4",
      eprint         = "1407.5063",
      archivePrefix  = "arXiv",
}

@booklet{ElectronCalib2,
      title         = "{Electron and photon energy calibration with the ATLAS
                       detector using data collected in 2015 at $\sqrt{s} = 13
                       \mathrm{\ Te\kern -0.1em V}$}",
      author        = "{ATLAS Collaboration}",
      month         = "Aug",
      year          = "2016",
      howpublishedr = "ATL-PHYS-PUB-2016-015",
      url           = "https://cds.cern.ch/record/2203514",
}

@article{METreco,
      author         = "Aaboud, Morad and others",
      title          = "{Performance of missing transverse momentum
                        reconstruction with the ATLAS detector using proton-proton
                        collisions at $\sqrt{s}$ = 13 TeV}",
      collaboration  = "ATLAS",
      journal        = "Eur. Phys. J.",
      volume         = "C78",
      year           = "2018",
      number         = "11",
      pages          = "903",
      doi            = "10.1140/epjc/s10052-018-6288-9",
      eprint         = "1802.08168",
      archivePrefix  = "arXiv",
      primaryClass   = "hep-ex",
      reportNumber   = "CERN-EP-2017-274",
      SLACcitation   = "%%CITATION = ARXIV:1802.08168;%%"
}
%%% contains utf-8, see: http://inspirehep.net/info/faq/general#utf8
%%% add \usepackage[utf8]{inputenc} to your latex preamble

@article{MuonID,
      author         = "Rettie, Sébastien",
      title          = "{Muon identification and performance in the ATLAS
                        experiment}",
      booktitle      = "{Proceedings, 26th International Workshop on Deep
                        Inelastic Scattering and Related Subjects (DIS 2018): Port
                        Island, Kobe, Japan, April 16-20, 2018}",
      collaboration  = "ATLAS",
      journal        = "PoS",
      volume         = "DIS2018",
      year           = "2018",
      pages          = "097",
      doi            = "10.22323/1.316.0097",
      reportNumber   = "ATL-PHYS-PROC-2018-052",
      SLACcitation   = "%%CITATION = POSCI,DIS2018,097;%%"
}

@article{PhotonID,
      author         = "Aaboud, Morad and others",
      title          = "{Measurement of the photon identification efficiencies
                        with the ATLAS detector using LHC Run 2 data collected in
                        2015 and 2016}",
      collaboration  = "ATLAS",
      journal        = "Eur. Phys. J.",
      volume         = "C79",
      year           = "2019",
      number         = "3",
      pages          = "205",
      doi            = "10.1140/epjc/s10052-019-6650-6",
      eprint         = "1810.05087",
      archivePrefix  = "arXiv",
      primaryClass   = "hep-ex",
      reportNumber   = "CERN-EP-2018-216",
      SLACcitation   = "%%CITATION = ARXIV:1810.05087;%%"
}

@article{antikt,
      author         = "Cacciari, Matteo and Salam, Gavin P. and Soyez, Gregory",
      title          = "{The anti-$k_t$ jet clustering algorithm}",
      journal        = "JHEP",
      volume         = "04",
      year           = "2008",
      pages          = "063",
      doi            = "10.1088/1126-6708/2008/04/063",
      eprint         = "0802.1189",
      archivePrefix  = "arXiv",
      primaryClass   = "hep-ph",
      reportNumber   = "LPTHE-07-03",
      SLACcitation   = "%%CITATION = ARXIV:0802.1189;%%"
}
%%%%%%%%%%%JET STUFF%%%%%%%%%%%%%%%
@article{BJetMVA,
      author         = "Aaboud, Morad and others",
      title          = "{Measurements of b-jet tagging efficiency with the ATLAS
                        detector using $ t\overline{t} $ events at $ \sqrt{s}=13 $
                        TeV}",
      collaboration  = "ATLAS",
      journal        = "JHEP",
      volume         = "08",
      year           = "2018",
      pages          = "089",
      doi            = "10.1007/JHEP08(2018)089",
      eprint         = "1805.01845",
      archivePrefix  = "arXiv",
      primaryClass   = "hep-ex",
      reportNumber   = "CERN-EP-2018-047",
      SLACcitation   = "%%CITATION = ARXIV:1805.01845;%%"
}
@article{JES,
      author         = "Aaboud, Morad and others",
      title          = "{Jet energy scale measurements and their systematic
                        uncertainties in proton-proton collisions at $\sqrt{s} =
                        13$ TeV with the ATLAS detector}",
      collaboration  = "ATLAS",
      year           = "2017",
      eprint         = "1703.09665",
      archivePrefix  = "arXiv",
      primaryClass   = "hep-ex",
      reportNumber   = "CERN-EP-2017-038",
      SLACcitation   = "%%CITATION = ARXIV:1703.09665;%%"
}

@article{JetJVT,
      author         = "The ATLAS collaboration",
      title          = "{Tagging and suppression of pileup jets}",
      collaboration  = "ATLAS",
      year           = "2014",
      reportNumber   = "ATLAS-CONF-2014-018",
      SLACcitation   = "%%CITATION = ATLAS-CONF-2014-018;%%"
}
@techreport{JetCleaning,
      title         = "{Selection of jets produced in 13TeV proton-proton
                       collisions with the ATLAS detector}",
      institution   = "CERN",
      address       = "Geneva",
      number        = "ATLAS-CONF-2015-029",
      month         = "Jul",
      year          = "2015",
      reportNumber  = "ATLAS-CONF-2015-029",
      url           = "http://cds.cern.ch/record/2037702",
}

@article{JetAlgos,
      author         = "Ellis, Stephen D. and Soper, Davison E.",
      title          = "{Successive combination jet algorithm for hadron
                        collisions}",
      journal        = "Phys. Rev.",
      volume         = "D48",
      year           = "1993",
      pages          = "3160-3166",
      doi            = "10.1103/PhysRevD.48.3160",
      eprint         = "hep-ph/9305266",
      archivePrefix  = "arXiv",
      primaryClass   = "hep-ph",
      reportNumber   = "CERN-TH-6860-93",
      SLACcitation   = "%%CITATION = HEP-PH/9305266;%%"
}

@misc{JetCleanTwiki,
  author = {Schramm, S.},
  title = {HowToCleanJets2016 : Jet-Based Event Cleaning},
  year = 2016,
  howpublished = {\url{https://twiki.cern.ch/twiki/bin/viewauth/AtlasProtected/HowToCleanJets2016}},
  note = {Accessed: 2019-10-11}
}



@inproceedings{CambridgeAachen,
      author         = "Wobisch, M. and Wengler, T.",
      title          = "{Hadronization corrections to jet cross-sections in deep
                        inelastic scattering}",
      booktitle      = "{Monte Carlo generators for HERA physics. Proceedings,
                        Workshop, Hamburg, Germany, 1998-1999}",
      url            = "https://inspirehep.net/record/484872/files/arXiv:hep-ph_9907280.pdf",
      year           = "1998",
      pages          = "270-279",
      eprint         = "hep-ph/9907280",
      archivePrefix  = "arXiv",
      primaryClass   = "hep-ph",
      reportNumber   = "PITHA-99-16",
      SLACcitation   = "%%CITATION = HEP-PH/9907280;%%"
}


@article{BJet1718,
      author         = "Di Bello, Francesco Armando",
      title          = "{Optimisation of the ATLAS $b$-tagging algorithms for the
                        2017-2018 LHC data-taking}",
      booktitle      = "{Proceedings, 2017 European Physical Society Conference
                        on High Energy Physics (EPS-HEP 2017): Venice, Italy, July
                        5-12, 2017}",
      collaboration  = "ATLAS",
      journal        = "PoS",
      volume         = "EPS-HEP2017",
      year           = "2017",
      pages          = "733",
      doi            = "10.22323/1.314.0733",
      reportNumber   = "ATL-PHYS-PROC-2017-179",
      SLACcitation   = "%%CITATION = POSCI,EPS-HEP2017,733;%%"
}

%%%%%%%%%% Neural Networks
@article{TensorFlow,
      author         = "Abadi, Martín and others",
      title          = "{TensorFlow: Large-Scale Machine Learning on
                        Heterogeneous Distributed  Systems}",
      year           = "2016",
      eprint         = "1603.04467",
      archivePrefix  = "arXiv",
      primaryClass   = "cs.DC",
      SLACcitation   = "%%CITATION = ARXIV:1603.04467;%%"
}

@misc{Keras,
  author = {F. Chollet et al.},
  title = {Keras: The Python Deep Learning Library},
  year = 2019,
  howpublished = {\url{https://keras.io}},
  note = {Accessed: 2019-10-25}
}

@misc{NNImage,
  author = {A. Karpathy},
  title = {CS231n Convolutional Neural Networks for Visual Recognition},
  year = 2015,
  howpublished = {\url{http://cs231n.github.io/neural-networks-1/}},
  note = {Accessed:2019-10-25}
}

@article{AdamOpt,
      author         = "Kingma, Diederik P. and Ba, Jimmy",
      title          = "{Adam: A Method for Stochastic Optimization}",
      year           = "2014",
      eprint         = "1412.6980",
      archivePrefix  = "arXiv",
      primaryClass   = "cs.LG",
      SLACcitation   = "%%CITATION = ARXIV:1412.6980;%%"
}
@article{ScikitLearn,
      author         = "Pedregosa, Fabian and others",
      title          = "{Scikit-learn: Machine Learning in Python}",
      journal        = "J. Machine Learning Res.",
      volume         = "12",
      year           = "2011",
      pages          = "2825-2830",
      eprint         = "1201.0490",
      archivePrefix  = "arXiv",
      primaryClass   = "cs.LG",
      SLACcitation   = "%%CITATION = ARXIV:1201.0490;%%"
}

%%%%%%%%%%%%%%%%%%%%%%%%%%%%%%%%%%%%
%%% BSM References
@article{2HDM,
      author         = "Eilam, G. and Hewett, J. L. and Soni, A.",
      title          = "{Rare decays of the top quark in the standard and two
                        Higgs doublet models}",
      journal        = "Phys. Rev.",
      volume         = "D44",
      year           = "1991",
      pages          = "1473-1484",
      doi            = "10.1103/PhysRevD.44.1473, 10.1103/PhysRevD.59.039901",
      note           = "[Erratum: Phys. Rev.D59,039901(1999)]",
      reportNumber   = "MAD-PH-596, TECHNION-PH-90-32, BNL-45778",
      SLACcitation   = "%%CITATION = PHRVA,D44,1473;%%"
}

@article{2HDM-2,
      author         = "Aguilar-Saavedra, J. A.",
      title          = "{Top flavor-changing neutral interactions: Theoretical
                        expectations and experimental detection}",
      booktitle      = "{Particle physics phenomenology at high energy colliders.
                        Proceedings, Final meeting of the European Union Network,
                        Montpellier, France, September 26-27, 2004}",
      journal        = "Acta Phys. Polon.",
      volume         = "B35",
      year           = "2004",
      pages          = "2695-2710",
      eprint         = "hep-ph/0409342",
      archivePrefix  = "arXiv",
      primaryClass   = "hep-ph",
      SLACcitation   = "%%CITATION = HEP-PH/0409342;%%"
}

@article{2HDM-3,
      author         = "Atwood, David and Reina, Laura and Soni, Amarjit",
      title          = "{Phenomenology of two Higgs doublet models with flavor
                        changing neutral currents}",
      journal        = "Phys. Rev.",
      volume         = "D55",
      year           = "1997",
      pages          = "3156-3176",
      doi            = "10.1103/PhysRevD.55.3156",
      eprint         = "hep-ph/9609279",
      archivePrefix  = "arXiv",
      primaryClass   = "hep-ph",
      reportNumber   = "JL-TH-96-15, JLAB-THY-96-08, CEBAF-PREPRINT-JL-TH-96-15",
      SLACcitation   = "%%CITATION = HEP-PH/9609279;%%"
}

@article{Trodden:1998ym,
      author         = "Trodden, Mark",
      title          = "{Electroweak baryogenesis}",
      journal        = "Rev. Mod. Phys.",
      volume         = "71",
      year           = "1999",
      pages          = "1463-1500",
      doi            = "10.1103/RevModPhys.71.1463",
      eprint         = "hep-ph/9803479",
      archivePrefix  = "arXiv",
      primaryClass   = "hep-ph",
      reportNumber   = "CWRU-P6-98",
      SLACcitation   = "%%CITATION = HEP-PH/9803479;%%"
}

@article{Branco:2011iw,
      author         = "Branco, G. C. and Ferreira, P. M. and Lavoura, L. and
                        Rebelo, M. N. and Sher, Marc and Silva, Joao P.",
      title          = "{Theory and phenomenology of two-Higgs-doublet models}",
      journal        = "Phys. Rept.",
      volume         = "516",
      year           = "2012",
      pages          = "1-102",
      doi            = "10.1016/j.physrep.2012.02.002",
      eprint         = "1106.0034",
      archivePrefix  = "arXiv",
      primaryClass   = "hep-ph",
      SLACcitation   = "%%CITATION = ARXIV:1106.0034;%%"
}

@article{QS-1,
      author         = "Aguilar-Saavedra, J. A. and Nobre, B. M.",
      title          = "{Rare top decays t $\rightarrow$ c gamma, t $\rightarrow$ cg and CKM
                        unitarity}",
      journal        = "Phys. Lett.",
      volume         = "B553",
      year           = "2003",
      pages          = "251-260",
      doi            = "10.1016/S0370-2693(02)03230-6",
      eprint         = "hep-ph/0210360",
      archivePrefix  = "arXiv",
      primaryClass   = "hep-ph",
      reportNumber   = "FISIST-17-2002-CFIF",
      SLACcitation   = "%%CITATION = HEP-PH/0210360;%%"
}

@article{QS-2,
      author         = "Aguilar-Saavedra, J. A.",
      title          = "{Effects of mixing with quark singlets}",
      journal        = "Phys. Rev.",
      volume         = "D67",
      year           = "2003",
      pages          = "035003",
      doi            = "10.1103/PhysRevD.69.099901, 10.1103/PhysRevD.67.035003",
      note           = "[Erratum: Phys. Rev.D69,099901(2004)]",
      eprint         = "hep-ph/0210112",
      archivePrefix  = "arXiv",
      primaryClass   = "hep-ph",
      reportNumber   = "FISIST-16-2002-CFIF",
      SLACcitation   = "%%CITATION = HEP-PH/0210112;%%"
}

@article{RPVSUSY,
      author         = "Cao, Junjie and Heng, Zhaoxia and Wu, Lei and Yang, Jin
                        Min",
      title          = "{R-parity violating effects in top quark FCNC productions
                        at LHC}",
      journal        = "Phys. Rev.",
      volume         = "D79",
      year           = "2009",
      pages          = "054003",
      doi            = "10.1103/PhysRevD.79.054003",
      eprint         = "0812.1698",
      archivePrefix  = "arXiv",
      primaryClass   = "hep-ph",
      SLACcitation   = "%%CITATION = ARXIV:0812.1698;%%"
}

@article{MSSM,
      author         = "Cao, J. J. and Eilam, G. and Frank, M. and Hikasa, K. and
                        Liu, G. L. and Turan, I. and Yang, J. M.",
      title          = "{SUSY-induced FCNC top-quark processes at the large
                        hadron collider}",
      journal        = "Phys. Rev.",
      volume         = "D75",
      year           = "2007",
      pages          = "075021",
      doi            = "10.1103/PhysRevD.75.075021",
      eprint         = "hep-ph/0702264",
      archivePrefix  = "arXiv",
      primaryClass   = "hep-ph",
      reportNumber   = "CUMQ-HEP-144",
      SLACcitation   = "%%CITATION = HEP-PH/0702264;%%"
}

@article{MSSM-2,
      author         = "Crivellin, Andreas and Nierste, Ulrich",
      title          = "{Chirally enhanced corrections to FCNC processes in the
                        generic MSSM}",
      journal        = "Phys. Rev.",
      volume         = "D81",
      year           = "2010",
      pages          = "095007",
      doi            = "10.1103/PhysRevD.81.095007",
      eprint         = "0908.4404",
      archivePrefix  = "arXiv",
      primaryClass   = "hep-ph",
      reportNumber   = "TTP-09-28, TTP09-28",
      SLACcitation   = "%%CITATION = ARXIV:0908.4404;%%"
}

@article{RPVSusyFCNC,
      author         = "Yang, Jin Min and Young, Bing-Lin and Zhang, X.",
      title          = "{Flavor changing top quark decays in r parity violating
                        SUSY}",
      journal        = "Phys. Rev.",
      volume         = "D58",
      year           = "1998",
      pages          = "055001",
      doi            = "10.1103/PhysRevD.58.055001",
      eprint         = "hep-ph/9705341",
      archivePrefix  = "arXiv",
      primaryClass   = "hep-ph",
      reportNumber   = "AMES-HET-97-5",
      SLACcitation   = "%%CITATION = HEP-PH/9705341;%%"
}
SLACcitation   = "%%CITATION = HEP-PH/0702264;%%"
}
@article{XDFCNC,
      author         = "Agashe, Kaustubh and Perez, Gilad and Soni, Amarjit",
      title          = "{Collider Signals of Top Quark Flavor Violation from a
                        Warped Extra Dimension}",
      journal        = "Phys. Rev.",
      volume         = "D75",
      year           = "2007",
      pages          = "015002",
      doi            = "10.1103/PhysRevD.75.015002",
      eprint         = "hep-ph/0606293",
      archivePrefix  = "arXiv",
      primaryClass   = "hep-ph",
      reportNumber   = "SU-4252-830, BNL-HET-06-4",
      SLACcitation   = "%%CITATION = HEP-PH/0606293;%%"
}
%%% T->qgamma References
@article{GregorFCNC,
      author         = "Aad, Georges and others",
      title          = "{Search for flavour-changing neutral currents in
                        processes with one top quark and a photon using 81
                        fb$^{-1}$ of $pp$ collisions at $\sqrt{s} = 13$ TeV with
                        the ATLAS experiment}",
      collaboration  = "ATLAS",
      year           = "2019",
      eprint         = "1908.08461",
      archivePrefix  = "arXiv",
      primaryClass   = "hep-ex",
      reportNumber   = "CERN-EP-2019-155",
      SLACcitation   = "%%CITATION = ARXIV:1908.08461;%%"
}

@article{CMSct,
      author         = "Sirunyan, Albert M and others",
      title          = "{Measurement of b hadron lifetimes in pp collisions at
                        $\sqrt{s} =$ 8 TeV}",
      collaboration  = "CMS",
      journal        = "Eur. Phys. J.",
      volume         = "C78",
      year           = "2018",
      number         = "6",
      pages          = "457",
      doi            = "10.1140/epjc/s10052-018-5929-3,
                        10.1140/epjc/s10052-018-6014-7",
      note           = "[Erratum: Eur. Phys. J.C78,no.7,561(2018)]",
      eprint         = "1710.08949",
      archivePrefix  = "arXiv",
      primaryClass   = "hep-ex",
      reportNumber   = "CMS-BPH-13-008, CERN-EP-2017-244",
      SLACcitation   = "%%CITATION = ARXIV:1710.08949;%%"
}

@article{MatrixMethod,
      author         = "The ATLAS collaboration",
      title          = "{Estimation of non-prompt and fake lepton backgrounds in
                        final states with top quarks produced in proton-proton
                        collisions at $\sqrt{s}=8$ TeV with the ATLAS detector}",
      collaboration  = "ATLAS",
      year           = "2014",
      reportNumber   = "ATLAS-CONF-2014-058",
      SLACcitation   = "%%CITATION = ATLAS-CONF-2014-058;%%"
}
%%% Uncertainties, Fitting, CLS, Etc...
@article{Friedman:695770,
      author        = "Friedman, J H",
      title         = "{Data analysis techniques for high energy particle
                       physics}",
      number        = "SLAC-176",
      pages         = "96 p",
      month         = "Oct",
      year          = "1974",
      url           = "https://cds.cern.ch/record/695770",
      doi           = "10.5170/CERN-1974-023.271",
}
@techreport{ATL-PHYS-PUB-2015-015,
      title         = "{Jet Calibration and Systematic Uncertainties for Jets
                       Reconstructed in the ATLAS Detector at $\sqrt{s}=13$ TeV}",
      institution   = "CERN",
      address       = "Geneva",
      number        = "ATL-PHYS-PUB-2015-015",
      month         = "Jul",
      year          = "2015",
      reportNumber  = "ATL-PHYS-PUB-2015-015",
      url           = "https://cds.cern.ch/record/2037613",
}
@inproceedings{Lista:2016chp,
      author         = "Lista, Luca",
      title          = "{Practical Statistics for Particle Physicists}",
      booktitle      = "{Proceedings, 2016 European School of High-Energy Physics
                        (ESHEP2016): Skeikampen, Norway, June 15-28 2016}",
      year           = "2017",
      pages          = "213-258",
      doi            = "10.23730/CYRSP-2017-005.213",
      eprint         = "1609.04150",
      archivePrefix  = "arXiv",
      primaryClass   = "physics.data-an",
      SLACcitation   = "%%CITATION = ARXIV:1609.04150;%%"
}
@techreport{ATLAS-CONF-2019-021,
      title         = "{Luminosity determination in $pp$ collisions at
                       $\sqrt{s}=13$ TeV using the ATLAS detector at the LHC}",
      institution   = "CERN",
      collaboration = "ATLAS Collaboration",
      address       = "Geneva",
      number        = "ATLAS-CONF-2019-021",
      month         = "Jun",
      year          = "2019",
      reportNumber  = "ATLAS-CONF-2019-021",
      url           = "https://cds.cern.ch/record/2677054",
}
@article{LUCID2,
  author={G. Avoni and others},
  title={The new LUCID-2 detector for luminosity measurement and monitoring in ATLAS},
  journal={JINST},
  volume={13},
  number={07},
  pages={P07017},
  doi="10.1088/1748-0221/13/07/P07017",
  year={2018},
}
@inproceedings{Lesage:2017uzg,
      author         = "Lesage, Arthur Alexis Jules",
      title          = "{Lepton and photon performance at ATLAS and CMS}",
      booktitle      = "{5th Large Hadron Collider Physics Conference (LHCP 2017)
                        Shanghai, China, May 15-20, 2017}",
      collaboration  = "ATLAS, CMS",
      year           = "2017",
      eprint         = "1709.02598",
      archivePrefix  = "arXiv",
      primaryClass   = "hep-ex",
      reportNumber   = "ATL-PHYS-PROC-2017-123",
      SLACcitation   = "%%CITATION = ARXIV:1709.02598;%%"
}

%Cross Section Citations:
@misc{ttXSec,
  author = {ATLAS Collaboration},
  title = {NNLO+NNLL top-quark-pair cross sections},
  year = 2015,
  howpublished = {\url{https://twiki.cern.ch/twiki/bin/view/LHCPhysics/TtbarNNLO}},
  note = {Accessed: 2019-12-25}
}

@article{ATLAS:2018pmj,
      author         = "The ATLAS collaboration",
      title          = "{Measurements of inclusive and differential
                        cross-sections of $t\bar{t}\gamma$ production in leptonic
                        final states in a fiducial volume at
                        $\sqrt{s}=13~\text{TeV}$ in ATLAS}",
      collaboration  = "ATLAS",
      year           = "2018",
      reportNumber   = "ATLAS-CONF-2018-048",
      SLACcitation   = "%%CITATION = ATLAS-CONF-2018-048;%%"
}
@misc{SingleTopXSec,
  author = {ATLAS Collaboration},
  title = {NLO single-top channel cross sections},
  year = 2017,
  howpublished = {\url{https://twiki.cern.ch/twiki/bin/view/LHCPhysics/SingleTopRefXsec}},
  note = {Accessed: 2019-12-25}
}

@misc{VXSec,
  author = {ATLAS Collaboration},
  title = {PmgWeakBosonProcesses},
  year = 2019,
  howpublished = {\url{https://twiki.cern.ch/twiki/bin/view/AtlasProtected/PmgWeakBosonProcesses}},
  note = {Accessed: 2019-12-25}
}

%citations from the basic stats thing
@article{Cowan:2010js,
      author         = "Cowan, Glen and Cranmer, Kyle and Gross, Eilam and
                        Vitells, Ofer",
      title          = "{Asymptotic formulae for likelihood-based tests of new
                        physics}",
      journal        = "Eur. Phys. J.",
      volume         = "C71",
      year           = "2011",
      pages          = "1554",
      doi            = "10.1140/epjc/s10052-011-1554-0,
                        10.1140/epjc/s10052-013-2501-z",
      note           = "[Erratum: Eur. Phys. J.C73,2501(2013)]",
      eprint         = "1007.1727",
      archivePrefix  = "arXiv",
      primaryClass   = "physics.data-an",
      SLACcitation   = "%%CITATION = ARXIV:1007.1727;%%"
}
@article{Wilks:1938dza,
      author         = "Wilks, S. S.",
      title          = "{The Large-Sample Distribution of the Likelihood Ratio
                        for Testing Composite Hypotheses}",
      journal        = "Annals Math. Statist.",
      volume         = "9",
      year           = "1938",
      number         = "1",
      pages          = "60-62",
      doi            = "10.1214/aoms/1177732360",
      SLACcitation   = "%%CITATION = AASTA,9,60;%%"
}

@misc{TRExFitter,
  author = {ATLAS Collaboration},
  title = {TRExFitter (previously known as TtHFitter)},
  year = 2019,
  howpublished = {\url{https://gitlab.cern.ch/TRExStats/TRExFitter}},
  note = {Accessed: 2019-12-25}
}

%CLS
@article{Read:2002hq,
      author         = "Read, Alexander L.",
      title          = "{Presentation of search results: The CL(s) technique}",
      booktitle      = "{Advanced Statistical Techniques in Particle Physics.
                        Proceedings, Conference, Durham, UK, March 18-22, 2002}",
      journal        = "J. Phys.",
      volume         = "G28",
      year           = "2002",
      pages          = "2693-2704",
      doi            = "10.1088/0954-3899/28/10/313",
%      note           = "[,11(2002)]",
      SLACcitation   = "%%CITATION = JPAGA,G28,2693;%%"
}

%Liza Combining with small stats:
@article{Junk:1999kv,
      author         = "Junk, Thomas",
      title          = "{Confidence level computation for combining searches with
                        small statistics}",
      journal        = "Nucl. Instrum. Meth.",
      volume         = "A434",
      year           = "1999",
      pages          = "435-443",
      doi            = "10.1016/S0168-9002(99)00498-2",
      eprint         = "hep-ex/9902006",
      archivePrefix  = "arXiv",
      primaryClass   = "hep-ex",
      reportNumber   = "CARLETON-OPAL-PHYS-99-01, CERN-EP-99-041",
      SLACcitation   = "%%CITATION = HEP-EX/9902006;%%"
}

%RooStats:
@article{Moneta:2010pm,
      author         = "Moneta, Lorenzo and Belasco, Kevin and Cranmer, Kyle S.
                        and Kreiss, S. and Lazzaro, Alfio and Piparo, Danilo and
                        Schott, Gregory and Verkerke, Wouter and Wolf, Matthias",
      title          = "{The RooStats Project}",
      booktitle      = "{Proceedings, 13th International Workshop on Advanced
                        computing and analysis techniques in physics research
                        (ACAT2010): Jaipur, India, February 22-27, 2010}",
      journal        = "PoS",
      volume         = "ACAT2010",
      year           = "2010",
      pages          = "057",
      doi            = "10.22323/1.093.0057",
      eprint         = "1009.1003",
      archivePrefix  = "arXiv",
      primaryClass   = "physics.data-an",
      SLACcitation   = "%%CITATION = ARXIV:1009.1003;%%"
}

@article{Cakir:2018ruj,
      author         = "Cakir, O. and Yilmaz, A. and Turk Cakir, I. and Senol, A.
                        and Denizli, H.",
      title          = "{Probing top quark FCNC $tq\gamma$ and $tqZ$ couplings at
                        future electron-proton colliders}",
      journal        = "Nucl. Phys.",
      volume         = "B944",
      year           = "2019",
      pages          = "114640",
      doi            = "10.1016/j.nuclphysb.2019.114640",
      eprint         = "1809.01923",
      archivePrefix  = "arXiv",
      primaryClass   = "hep-ph",
      SLACcitation   = "%%CITATION = ARXIV:1809.01923;%%"
}

@article{Buesser:2013pza,
      author         = "Buesser, Karsten",
      title          = "{The International Linear Collider}",
      year           = "2013",
      eprint         = "1306.3126",
      archivePrefix  = "arXiv",
      primaryClass   = "physics.acc-ph",
      reportNumber   = "ILC-HIGRADE-REPORT-2013-004",
      SLACcitation   = "%%CITATION = ARXIV:1306.3126;%%"
}
@article{Benedikt:2015kqj,
      author         = "Benedikt, Michael and Zimmermann, Frank",
      title          = "{Future Circular Colliders}",
      booktitle      = "{Proceedings,194th Workshop of International School of
                        Physics "Enrico Fermi': Future Research Infrastructures:
                        Challenges and Opportunities: Varenna, Italy, July 9-11,
                        2015}",
      journal        = "Proc. Int. Sch. Phys. Fermi",
      volume         = "194",
      year           = "2016",
      pages          = "73-80",
      doi            = "10.3254/978-1-61499-732-0-73",
      reportNumber   = "CERN-ACC-2015-164",
      SLACcitation   = "%%CITATION = PIPFA,194,73;%%"
}

%%%%%%%%%%%%%%%%%%%%%%%%%%%%%%%%%
%%%%%%%%%%%%%%%%%%%%%%%%%%%%%%%%%%%%%%%%%%%%
%%%%%%%%%%%%%%%%%%%%%%%%%%%%%%%%%%%%%%%%%%%%%%%%%%%%%%%%%%%%%%%%%%%%%%%%%%%%%
%%%%%%%%%%%%%%%%%%%%%%%%%%%%%%%%%%%%%%%%%%%%%%%%%%%%%%%%%%%%%%%%%%%%%%%%%%%%%
%%%%%%%%%%%%%%%%%%%%%%%%%%%%%%%%%%%%%%%%%%%%%%%%%%%%%%%%%%%%%%%%%%%%%%%%%%%%%
%%%%%%%%%%%%%%%%%%%%%%%%%%%%%%%%%%%%%%%%%%%%%%%%%%%%%%%%%%%%%%%%%%%%%%%%%%%%%
%%%%%%%%%%%%%%%%%%%%%%%%%%%%%%% Bens References
%%%

@article{Dijet2017,
      author         = "Aaboud, Morad and others",
      title          = "{Search for new phenomena in dijet events using 37
                        fb$^{-1}$ of $pp$ collision data collected at
                        $\sqrt{s}=$13 TeV with the ATLAS detector}",
      collaboration  = "ATLAS",
      journal        = "Phys. Rev.",
      volume         = "D96",
      year           = "2017",
      number         = "5",
      pages          = "052004",
      doi            = "10.1103/PhysRevD.96.052004",
      eprint         = "1703.09127",
      archivePrefix  = "arXiv",
      primaryClass   = "hep-ex",
      reportNumber   = "CERN-EP-2017-042",
      SLACcitation   = "%%CITATION = ARXIV:1703.09127;%%"
}
@article{CMSAngular,
      author         = "Sirunyan, Albert M and others",
      title          = "{Search for new physics in dijet angular distributions
                        using proton-proton collisions at $\sqrt{s}=$ 13 TeV and
                        constraints on dark matter and other models}",
      collaboration  = "CMS",
      year           = "2018",
      eprint         = "1803.08030",
      archivePrefix  = "arXiv",
      primaryClass   = "hep-ex",
      reportNumber   = "CMS-EXO-16-046, CERN-EP-2018-036, CMS-EXO-16-046,
                        CERN-EP-2018-036",
      SLACcitation   = "%%CITATION = ARXIV:1803.08030;%%"
}

@article{DijetTLA,
      author         = "Aaboud, Morad and others",
      title          = "{Search for low-mass dijet resonances using trigger-level
                        jets with the ATLAS detector in $pp$ collisions at
                        $\sqrt{s}=13$ TeV}",
      collaboration  = "ATLAS",
      year           = "2018",
      eprint         = "1804.03496",
      archivePrefix  = "arXiv",
      primaryClass   = "hep-ex",
      reportNumber   = "CERN-EP-2018-033, CERN-EP-2018-033",
      SLACcitation   = "%%CITATION = ARXIV:1804.03496;%%"
}

@article{DijetISR,
      author         = "Aaboud, Morad and others",
      title          = "{Search for light resonances decaying to boosted quark
                        pairs and produced in association with a photon or a jet
                        in proton-proton collisions at $\sqrt{s}=13$ TeV with the
                        ATLAS detector}",
      collaboration  = "ATLAS",
      year           = "2018",
      eprint         = "1801.08769",
      archivePrefix  = "arXiv",
      primaryClass   = "hep-ex",
      reportNumber   = "CERN-EP-2017-280, CERN-EP-2017-280",
      SLACcitation   = "%%CITATION = ARXIV:1801.08769;%%"
}

@techreport{DijetISR_Resolved,
      title         = "{Search for new light resonances decaying to jet pairs and
                       produced in association with a photon or a jet in
                       proton-proton collisions at $\sqrt{s}=13$~TeV with the
                       ATLAS detector}",
      institution   = "CERN",
      collaboration = "ATLAS Collaboration",
      address       = "Geneva",
      number        = "ATLAS-CONF-2016-070",
      month         = "Aug",
      year          = "2016",
      reportNumber  = "ATLAS-CONF-2016-070",
      url           = "http://cds.cern.ch/record/2206221",
}

@techreport{DijetOutlook,
      title         = "{Dijet resonance searches with the ATLAS detector at 14
                       TeV LHC}",
      institution   = "CERN",
      address       = "Geneva",
      number        = "ATL-PHYS-PUB-2015-004",
      month         = "Mar",
      year          = "2015",
      reportNumber  = "ATL-PHYS-PUB-2015-004",
      url           = "https://cds.cern.ch/record/2002136",
}

@techreport{ATLAS-CONF-2016-069,
	title         = "{Search for New Phenomena in Dijet Events with the ATLAS
	Detector at $\sqrt{s}$=13 TeV with 2015 and 2016 data}",
	institution   = "CERN",
	collaboration = "ATLAS Collaboration",
	address       = "Geneva",
	number        = "ATLAS-CONF-2016-069",
	month         = "Aug",
	year          = "2016",
	reportNumber  = "ATLAS-CONF-2016-069",
	url           = "http://cds.cern.ch/record/2206212",
}

@article{Dijet13TeV_2015EOY_Atlas,
	author         = "Aad, Georges and others",
	title          = "{Search for new phenomena in dijet mass and angular
	distributions from $pp$ collisions at $\sqrt{s}=$ 13 TeV
	with the ATLAS detector}",
	collaboration  = "ATLAS",
	journal        = "Phys. Lett.",
	volume         = "B754",
	year           = "2016",
	pages          = "302-322",
	doi            = "10.1016/j.physletb.2016.01.032",
	eprint         = "1512.01530",
	archivePrefix  = "arXiv",
	primaryClass   = "hep-ex",
	reportNumber   = "CERN-PH-EP-2015-311",
	SLACcitation   = "%%CITATION = ARXIV:1512.01530;%%"
}

@techreport{ATLAS-CONF-2015-042,
	title         = "{Search for New Phenomena in Dijet Mass and Angular
	Distributions with the ATLAS Detector at $\sqrt{s}=$13 TeV}",
	institution   = "CERN",
	address       = "Geneva",
	number        = "ATLAS-CONF-2015-042",
	month         = "Aug",
	year          = "2015",
	reportNumber  = "ATLAS-CONF-2015-042",
	url           = "http://cds.cern.ch/record/2048113",
}

@article{Dijet13TeV_80pb,
      author         = "The ATLAS collaboration",
      title          = "{Search for New Phenomena in Dijet Mass and Angular
                        Distributions with the ATLAS Detector at $\sqrt{s}=$ 13 TeV}",
      year           = "2015",
      reportNumber   = "ATLAS-CONF-2015-042",
      SLACcitation   = "%%CITATION = ATLAS-CONF-2015-042;%%"
}

@article{DijetAngular8TeV_ATLAS,
	title = {Search for New Phenomena in Dijet Angular Distributions in Proton-Proton Collisions at $\sqrt{s}=8\text{ }\text{ }\mathrm{TeV}$ Measured with the ATLAS Detector},
	collaboration = {ATLAS Collaboration},
	journal = {Phys. Rev. Lett.},
	volume = {114},
	issue = {22},
	pages = {221802},
	numpages = {17},
	year = {2015},
	month = {Jun},
	publisher = {American Physical Society},
	doi = {10.1103/PhysRevLett.114.221802},
	url = {http://link.aps.org/doi/10.1103/PhysRevLett.114.221802}
}

@article{DijetResonance8TeV_ATLAS,
	title = {Search for new phenomena in the dijet mass distribution using $pp$ collision data at $\sqrt{s}=8\text{ }\text{ }\mathrm{TeV}$ with the ATLAS detector},
	collaboration = {ATLAS Collaboration},
	journal = {Phys. Rev. D},
	volume = {91},
	issue = {5},
	pages = {052007},
	numpages = {25},
	year = {2015},
	month = {Mar},
	publisher = {American Physical Society},
	doi = {10.1103/PhysRevD.91.052007},
	url = {http://link.aps.org/doi/10.1103/PhysRevD.91.052007}
}

@techreport{CMSDijet,
      title         = "{Searches for dijet resonances in pp collisions at
                       $\sqrt{s}=13~\mathrm{TeV}$ using data collected in 2016.}",
      institution   = "CERN",
      collaboration = "CMS Collaboration",
      address       = "Geneva",
      number        = "CMS-PAS-EXO-16-056",
      year          = "2017",
      reportNumber  = "CMS-PAS-EXO-16-056",
      url           = "http://cds.cern.ch/record/2256873",
}

@article{DeMelis:2119882,
	author        = "De Melis, Cinzia",
	title         = "{The CERN accelerator complex. Complexe des accélérateurs du CERN}",
	month         = "Jan",
	year          = "2016",
	reportNumber  = "OPEN-PHO-ACCEL-2016-001",
	url           = "https://cds.cern.ch/record/2119882",
	note          = "General Photo",
}



@article{ALICE,
      title         = "{The ALICE experiment at the CERN LHC}",
      journal       = "J. Instrum.",
      collaboration = "ALICE Collaboration",
      volume        = "3",
      pages         = "S08002. 259 p",
      year          = "2008",
      url           = "http://cds.cern.ch/record/1129812",
}

@article{CMS,
      title         = "{The CMS experiment at the CERN LHC.}",
      journal       = "J. Instrum.",
      collaboration = "CMS Collaboration",
      volume        = "3",
      pages         = "S08004. 361 p",
      year          = "2008",
      url           = "http://cds.cern.ch/record/1129810",
}

@article{LHCb,
      title         = "{The LHCb Detector at the LHC}",
      journal       = "J. Instrum.",
      collaboration = "LHCb Collaboration",
      number        = "LHCb-DP-2008-001. CERN-LHCb-DP-2008-001",
      volume        = "3",
      pages         = "S08005",
      year          = "2008",
      url           = "http://cds.cern.ch/record/1129809",
}

@techreport{Tile,
      author        = "Henriques Correia, Ana Maria",
      title         = "{The ATLAS Tile Calorimeter}",
      institution   = "CERN",
      collaboration = "for the ATLAS collaboration",
      address       = "Geneva",
      number        = "ATL-TILECAL-PROC-2015-002",
      month         = "Mar",
      year          = "2015",
      reportNumber  = "ATL-TILECAL-PROC-2015-002",
      url           = "https://cds.cern.ch/record/2004868",
}

@techreport{IDPerf,
      title         = "{Early Inner Detector Tracking Performance in the 2015
                       data at $\sqrt s$ = 13 TeV}",
      institution   = "CERN",
      address       = "Geneva",
      number        = "ATL-PHYS-PUB-2015-051",
      month         = "Dec",
      year          = "2015",
      reportNumber  = "ATL-PHYS-PUB-2015-051",
      url           = "https://cds.cern.ch/record/2110140",
}

@techreport{Boussard:410377,
      author        = "Boussard, Daniel and Linnecar, Trevor Paul R",
      title         = "{The LHC Superconducting RF System}",
      institution   = "CERN",
      address       = "Geneva",
      number        = "LHC-Project-Report-316. CERN-LHC-Project-Report-316",
      month         = "Dec",
      year          = "1999",
      reportNumber  = "LHC-Project-Report-316",
      url           = "https://cds.cern.ch/record/410377",
}

@InProceedings{Bartmann:IPAC2017-TUPVA007,
  author       = {W. Bartmann and others},
  title        = {{I}mpact of {LHC} and {SPS} {I}njection {K}icker {R}ise {T}imes on {L}hc {F}illing {S}chemes and {L}uminosity {R}each},
  booktitle    = {Proc. of International Particle Accelerator Conference (IPAC17),
                  Copenhagen, Denmark, 14-19 May, 2017},
  pages        = {2043--2046},
  paper        = {TUPVA007},
  language     = {english},
  keywords     = {injection, kicker, emittance, luminosity, timing},
  venue        = {Copenhagen, Denmark},
  series       = {International Particle Accelerator Conference},
  number       = {8},
  publisher    = {JACoW},
  address      = {Geneva, Switzerland},
  month        = {May},
  year         = {2017},
  isbn         = {978-3-95450-182-3},
  doi          = {https://doi.org/10.18429/JACoW-IPAC2017-TUPVA007},
  url          = {http://jacow.org/ipac2017/papers/tupva007.pdf},
  note         = {https://doi.org/10.18429/JACoW-IPAC2017-TUPVA007},
}

@techreport{SWiFt,
      author        = "Sekhon, Karishma and Edgar, Ryan Christopher and Amidei,
                       Dante",
      title         = "{SWiFt: Sliding Window Fit Method for Resonance Searches}",
      institution   = "CERN",
      address       = "Geneva",
      number        = "ATL-COM-PHYS-2018-161",
      month         = "Feb",
      year          = "2018",
      reportNumber  = "ATL-COM-PHYS-2018-161",
      url           = "https://cds.cern.ch/record/2305523",
}

@article{Luminosity,
      author         = "Aaboud, Morad and others",
      title          = "{Luminosity determination in pp collisions at $\sqrt{s}$
                        = 8 TeV using the ATLAS detector at the LHC}",
      collaboration  = "ATLAS",
      journal        = "Eur. Phys. J.",
      volume         = "C76",
      year           = "2016",
      number         = "12",
      pages          = "653",
      doi            = "10.1140/epjc/s10052-016-4466-1",
      eprint         = "1608.03953",
      archivePrefix  = "arXiv",
      primaryClass   = "hep-ex",
      reportNumber   = "CERN-EP-2016-117",
      SLACcitation   = "%%CITATION = ARXIV:1608.03953;%%"
}
  	
@article{LArFEBDesign,
  author={N J Buchanan and L Chen and D M Gingrich and S Liu and H Chen and J Farrell and J Kierstead and F Lanni and D Lissauer and H Ma and D
Makowiecki and V Radeka and S Rescia and H Takai and H Ghazlane and A Hoummada and H G Wilkens and J Ban and S Boettcher and G
Brooijmans and C -Y Chi and S Caughron and M Cooke and D Dannheim and A Gara and A Haas and I Katsanos and J A Parsons and S Simion and W
Sippach and L Zhang and N Zhou and E Ladygin and E Auge and R Bernier and M Bouchel and A Bozzone and D Breton and C de la Taille and I
Falleau and P Imbert and G Martin-Chassard and A Perus and J P Richer and V Tocut and J-J Veillet and D Zerwas and F Hubaut and B
Laforge and O Le Dortz and D Martin and Ph Schwemling and J Collot and D Dzahini and M -L Gallin-Martel and P Martin and W D
Cwienk and J Fent and L Kurchaninov and  G Battistoni and L Carminati and M Citterio and W Cleland and B Liu and J Rabel and G Zuk and K
Benslama and E Delagnes and B Mansoulié and J Teiger and B Dinkespiler and T Liu and R Stroynowski and C -A Yang and J Ye and M L Chu and S
-C Lee and P K Teng},
  title={Design and implementation of the Front End Board for the readout of the ATLAS liquid argon calorimeters},
  journal={Journal of Instrumentation},
  volume={3},
  number={03},
  pages={P03004},
  url={http://stacks.iop.org/1748-0221/3/i=03/a=P03004},
  year={2008},
  abstract={The ATLAS detector has been designed for operation at CERN's Large Hadron Collider. ATLAS includes a complex system of liquid argon calorimeters. The electronics for amplifying, shaping, sampling, pipelining, and digitizing the calorimeter signals is implemented on the Front End Boards (FEBs). This paper describes the design, implementation and production of the FEBs and presents measurement results from testing performed at several stages during the production process.}
}

@article{LArDQ,
      author         = "Aad, Georges and others",
      title          = "{Monitoring and data quality assessment of the ATLAS
                        liquid argon calorimeter}",
      collaboration  = "ATLAS",
      journal        = "JINST",
      volume         = "9",
      year           = "2014",
      pages          = "P07024",
      doi            = "10.1088/1748-0221/9/07/P07024",
      eprint         = "1405.3768",
      archivePrefix  = "arXiv",
      primaryClass   = "hep-ex",
      reportNumber   = "CERN-PH-EP-2014-045",
      SLACcitation   = "%%CITATION = ARXIV:1405.3768;%%"
}

@book{LArTDR,
      title         = "{ATLAS liquid-argon calorimeter: Technical Design Report}",
      publisher     = "CERN",
      collaboration = "ATLAS Collaboration",
      address       = "Geneva",
      series        = "Technical Design Report ATLAS",
      year          = "1996",
      url           = "https://cds.cern.ch/record/331061",
}

@inproceedings{LAr_Performance,
      author         = "Nikiforou, Nikiforos",
      title          = "{Performance of the ATLAS Liquid Argon Calorimeter after
                        three years of LHC operation and plans for a future
                        upgrade}",
      booktitle      = "{Proceedings, 3rd International Conference on
                        Advancements in Nuclear Instrumentation Measurement
                        Methods and their Applications (ANIMMA 2013): Marseille,
                        France, June 23-27, 2013}",
      collaboration  = "ATLAS",
      year           = "2013",
      url            = "https://inspirehep.net/record/1240499/files/arXiv:1306.6756.pdf",
      doi            = "10.1109/ANIMMA.2013.6728060",
      eprint         = "1306.6756",
      archivePrefix  = "arXiv",
      primaryClass   = "physics.ins-det",
      SLACcitation   = "%%CITATION = ARXIV:1306.6756;%%"
}

@techreport{L1CaloPedestal,
      author        = "Weber, Sebastian Mario and Wessels, Martin",
      title         = "{L1Calo Pedestal Correction Plots}",
      institution   = "CERN",
      address       = "Geneva",
      number        = "ATL-COM-DAQ-2017-064",
      month         = "Jun",
      year          = "2017",
      reportNumber  = "ATL-COM-DAQ-2017-064",
      url           = "https://cds.cern.ch/record/2272013",
}

@article{L1Calo_Run1,
  author={R Achenbach and P Adragna and V Andrei and P Apostologlou and B Åsman and C Ay and B M Barnett and B Bauss and M Bendel and C Bohm and J R A
Booth and I P Brawn and P Bright Thomas and D G Charlton and N J Collins and C J Curtis and A Dahlhoff and A O Davis and S
Eckweiler and J P Edwards and E Eisenhandler and P J W Faulkner and J Fleckner and F Föhlisch and J Garvey and C N P Gee and A R
Gillman and P Hanke and R P Hatley and S Hellman and A Hidvégi and S J Hillier and K Jakobs and M Johansen and E -E Kluge and M Landon and V
Lendermann and J N Lilley and K Mahboubi and G Mahout and A Mass and K Meier and T Moa and E Moyse and F Müller and A Neusiedl and C
Nöding and B Oltmann and J M Pentney and V J O Perera and U Pfeiffer and D P F Prieur and W Qian and D L Rees and S Rieke and F Rühr and D P
C Sankey and U Schäfer and K Schmitt and H -C Schultz-Coulon and C Schumacher and S Silverstein and R J Staley and R Stamen and M C
Stockton and S Tapprogge and J P Thomas and T Trefzger and P M Watkins and A Watson and P Weber and E -E Woehrling},
  title={The ATLAS Level-1 Calorimeter Trigger},
  journal={Journal of Instrumentation},
  volume={3},
  number={03},
  pages={P03001},
  url={http://stacks.iop.org/1748-0221/3/i=03/a=P03001},
  year={2008},
  abstract={The ATLAS Level-1 Calorimeter Trigger uses reduced-granularity information from all the ATLAS calorimeters to search for high transverse-energy electrons, photons, τ leptons and jets, as well as high missing and total transverse energy. The calorimeter trigger electronics has a fixed latency of about 1 μs, using programmable custom-built digital electronics. This paper describes the Calorimeter Trigger hardware, as installed in the ATLAS electronics cavern.}
}
	
@article{L1Calo_Run2,
      author         = "Aaboud, Morad and others",
      title          = "{Performance of the ATLAS Trigger System in 2015}",
      collaboration  = "ATLAS",
      journal        = "Eur. Phys. J.",
      volume         = "C77",
      year           = "2017",
      number         = "5",
      pages          = "317",
      doi            = "10.1140/epjc/s10052-017-4852-3",
      eprint         = "1611.09661",
      archivePrefix  = "arXiv",
      primaryClass   = "hep-ex",
      reportNumber   = "CERN-EP-2016-241",
      SLACcitation   = "%%CITATION = ARXIV:1611.09661;%%"
}

@article{Topoclustering,
      author         = "Aad, Georges and others",
      title          = "{Topological cell clustering in the ATLAS calorimeters
                        and its performance in LHC Run 1}",
      collaboration  = "ATLAS",
      journal        = "Eur. Phys. J.",
      volume         = "C77",
      year           = "2017",
      pages          = "490",
      doi            = "10.1140/epjc/s10052-017-5004-5",
      eprint         = "1603.02934",
      archivePrefix  = "arXiv",
      primaryClass   = "hep-ex",
      reportNumber   = "CERN-PH-EP-2015-304",
      SLACcitation   = "%%CITATION = ARXIV:1603.02934;%%"
}

@thesis{Topoclustering420,
      author        = "Speckmayer, Peter and Carli, Tancredi and Fabjan,
                       Christian Wolfgang",
      title         = "{Energy Measurement of Hadrons with the CERN ATLAS
                       Calorimeter}",
      year          = "2008",
      reportNumber  = "CERN-THESIS-2008-051",
      url           = "https://cds.cern.ch/record/1112036",
      note          = "Presented on 18 Jun 2008",
}

@article{LArTopoclustering,
      author         = "Lampl, W. and Laplace, S. and Lelas, D. and Loch, P. and
                        Ma, H. and Menke, S. and Rajagopalan, S. and Rousseau, D.
                        and Snyder, S. and Unal, G.",
      title          = "{Calorimeter clustering algorithms: Description and
                        performance}",
      year           = "2008",
      reportNumber   = "ATL-LARG-PUB-2008-002, ATL-COM-LARG-2008-003",
      SLACcitation   = "%%CITATION = ATL-LARG-PUB-2008-002;%%"
}

@techreport{L1Topo,
      author        = "Riu, Imma",
      title         = "{The ATLAS Level-1 Topological Trigger performance in Run
                       2}",
      institution   = "CERN",
      collaboration = "ATLAS Collaboration",
      address       = "Geneva",
      number        = "ATL-DAQ-PROC-2017-002. 3",
      month         = "Jan",
      year          = "2017",
      reportNumber  = "ATL-DAQ-PROC-2017-002",
      url           = "https://cds.cern.ch/record/2242304",
}

%%%%%%%%%THEORY STUFF%%%%%%%%%%%%
@book{EllisQCD,
  title={QCD and Collider Physics},
  author={Ellis, R.K. and Stirling, W.J. and Webber, B.R.},
  isbn={9780521545891},
  lccn={96031560},
  series={Cambridge Monographs on Particle Physics, Nuclear Physics and Cosmology},
  year={2003},
  publisher={Cambridge University Press}
}


@article{NeutrinoOscillation,
      author         = "Fukuda, Y. and others",
      title          = "{Evidence for oscillation of atmospheric neutrinos}",
      collaboration  = "Super-Kamiokande",
      journal        = "Phys. Rev. Lett.",
      volume         = "81",
      year           = "1998",
      pages          = "1562-1567",
      doi            = "10.1103/PhysRevLett.81.1562",
      eprint         = "hep-ex/9807003",
      archivePrefix  = "arXiv",
      primaryClass   = "hep-ex",
      reportNumber   = "BU-98-17, ICRR-REPORT-422-98-18, UCI-98-8,
                        KEK-PREPRINT-98-95, LSU-HEPA-5-98, UMD-98-003, SBHEP-98-5,
                        TKU-PAP-98-06, TIT-HPE-98-09",
      SLACcitation   = "%%CITATION = HEP-EX/9807003;%%"
}

@article{TheorumsOfPerturbativeQCD,
      author         = "Collins, John C. and Soper, Davison E.",
      title          = "{The Theorems of Perturbative QCD}",
      journal        = "Ann. Rev. Nucl. Part. Sci.",
      volume         = "37",
      year           = "1987",
      pages          = "383-409",
      doi            = "10.1146/annurev.ns.37.120187.002123",
      reportNumber   = "OITS-350",
      SLACcitation   = "%%CITATION = ARNUA,37,383;%%"
}

@article{DGLAP1,
      author         = "Dokshitzer, Yuri L.",
      title          = "{Calculation of the Structure Functions for Deep
                        Inelastic Scattering and e+ e- Annihilation by
                        Perturbation Theory in Quantum Chromodynamics.}",
      journal        = "Sov. Phys. JETP",
      volume         = "46",
      year           = "1977",
      pages          = "641-653",
      note           = "[Zh. Eksp. Teor. Fiz.73,1216(1977)]",
      SLACcitation   = "%%CITATION = SPHJA,46,641;%%"
}

@article{DGLAP2,
      author         = "Gribov, V. N. and Lipatov, L. N.",
      title          = "{Deep inelastic e p scattering in perturbation theory}",
      journal        = "Sov. J. Nucl. Phys.",
      volume         = "15",
      year           = "1972",
      pages          = "438-450",
      note           = "[Yad. Fiz.15,781(1972)]",
      reportNumber   = "IPTI-381-71",
      SLACcitation   = "%%CITATION = SJNCA,15,438;%%"
}

@article{DGLAP3,
      author         = "Altarelli, Guido and Parisi, G.",
      title          = "{Asymptotic Freedom in Parton Language}",
      journal        = "Nucl. Phys.",
      volume         = "B126",
      year           = "1977",
      pages          = "298-318",
      doi            = "10.1016/0550-3213(77)90384-4",
      reportNumber   = "LPTENS-77-6",
      SLACcitation   = "%%CITATION = NUPHA,B126,298;%%"
}

@article{Pythia,
      author         = "Sjöstrand, Torbjörn and Ask, Stefan and Christiansen,
                        Jesper R. and Corke, Richard and Desai, Nishita and Ilten,
                        Philip and Mrenna, Stephen and Prestel, Stefan and
                        Rasmussen, Christine O. and Skands, Peter Z.",
      title          = "{An Introduction to PYTHIA 8.2}",
      journal        = "Comput. Phys. Commun.",
      volume         = "191",
      year           = "2015",
      pages          = "159-177",
      doi            = "10.1016/j.cpc.2015.01.024",
      eprint         = "1410.3012",
      archivePrefix  = "arXiv",
      primaryClass   = "hep-ph",
      reportNumber   = "LU-TP-14-36, MCNET-14-22, CERN-PH-TH-2014-190,
                        FERMILAB-PUB-14-316-CD, DESY-14-178, SLAC-PUB-16122",
      SLACcitation   = "%%CITATION = ARXIV:1410.3012;%%"
}

@article{LundStringModel,
      author         = "Andersson, Bo and Gustafson, G. and Ingelman, G. and
                        Sjostrand, T.",
      title          = "{Parton Fragmentation and String Dynamics}",
      journal        = "Phys. Rept.",
      volume         = "97",
      year           = "1983",
      pages          = "31-145",
      doi            = "10.1016/0370-1573(83)90080-7",
      reportNumber   = "LU-TP-83-10",
      SLACcitation   = "%%CITATION = PRPLC,97,31;%%"
}

@article{Herwig,
      author         = "Bellm, Johannes and others",
      title          = "{Herwig 7.0/Herwig++ 3.0 release note}",
      journal        = "Eur. Phys. J.",
      volume         = "C76",
      year           = "2016",
      number         = "4",
      pages          = "196",
      doi            = "10.1140/epjc/s10052-016-4018-8",
      eprint         = "1512.01178",
      archivePrefix  = "arXiv",
      primaryClass   = "hep-ph",
      reportNumber   = "CERN-PH-TH-2015-289, MAN-HEP-2015-15, IFJPAN-IV-2015-13,
                        HERWIG-2015-01, KA-TP-18-2015, DCPT-15-142, MCNET-15-28,
                        IPPP-15-71, --HERWIG-2015-01",
      SLACcitation   = "%%CITATION = ARXIV:1512.01178;%%"
}

@article{ClusterModel,
      author         = "Webber, B. R.",
      title          = "{A QCD Model for Jet Fragmentation Including Soft Gluon
                        Interference}",
      journal        = "Nucl. Phys.",
      volume         = "B238",
      year           = "1984",
      pages          = "492-528",
      doi            = "10.1016/0550-3213(84)90333-X",
      reportNumber   = "CERN-TH-3713",
      SLACcitation   = "%%CITATION = NUPHA,B238,492;%%"
}

@phdthesis{IRCDiagram,
      author         = "Isildak, Bora",
      title          = "{Measurement of the differential dijet production cross
                        section in proton-proton collisions at $\sqrt{s} = 7$
                        tev}",
      school         = "Bogazici U.",
      year           = "2011",
      url            = "http://inspirehep.net/record/1251416/files/arXiv:1308.6064.pdf",
      eprint         = "1308.6064",
      archivePrefix  = "arXiv",
      primaryClass   = "hep-ex",
      SLACcitation   = "%%CITATION = ARXIV:1308.6064;%%"
}

@article{QStar,
author = {BAUR, U. and HINCHLIFFE, I. and ZEPPENFELD, D.},
title = {EXCITED QUARK PRODUCTION AT HADRON COLLIDERS},
journal = {International Journal of Modern Physics A},
volume = {02},
number = {04},
pages = {1285-1297},
year = {1987},
doi = {10.1142/S0217751X87000661},

URL = {https://www.worldscientific.com/doi/abs/10.1142/S0217751X87000661},
eprint = {https://www.worldscientific.com/doi/pdf/10.1142/S0217751X87000661}
}

@article{QStar2,
  title = {Excited-quark and -lepton production at hadron colliders},
  author = {Baur, U. and Spira, M. and Zerwas, P. M.},
  journal = {Phys. Rev. D},
  volume = {42},
  issue = {3},
  pages = {815--824},
  numpages = {0},
  year = {1990},
  month = {Aug},
  publisher = {American Physical Society},
  doi = {10.1103/PhysRevD.42.815},
  url = {https://link.aps.org/doi/10.1103/PhysRevD.42.815}
}

@article{StrongCoupling,
      author         = "Dissertori, G.",
      title          = "{The Determination of the Strong Coupling Constant}",
      journal        = "Adv. Ser. Direct. High Energy Phys.",
      volume         = "26",
      year           = "2016",
      pages          = "113-128",
      doi            = "10.1142/9789814733519_0006",
      eprint         = "1506.05407",
      archivePrefix  = "arXiv",
      primaryClass   = "hep-ex",
      SLACcitation   = "%%CITATION = ARXIV:1506.05407;%%"
}

@article{DMForum,
      author         = "Abercrombie, Daniel and others",
      editor         = "Boveia, Antonio and Doglioni, Caterina and Lowette,
                        Steven and Malik, Sarah and Mrenna, Stephen",
      title          = "{Dark Matter Benchmark Models for Early LHC Run-2
                        Searches: Report of the ATLAS/CMS Dark Matter Forum}",
      year           = "2015",
      eprint         = "1507.00966",
      archivePrefix  = "arXiv",
      primaryClass   = "hep-ex",
      reportNumber   = "FERMILAB-PUB-15-282-CD",
      SLACcitation   = "%%CITATION = ARXIV:1507.00966;%%"
}

@article{DMWorkingGroup,
      author         = "Albert, Andreas and others",
      title          = "{Recommendations of the LHC Dark Matter Working Group:
                        Comparing LHC searches for heavy mediators of dark matter
                        production in visible and invisible decay channels}",
      year           = "2017",
      eprint         = "1703.05703",
      archivePrefix  = "arXiv",
      primaryClass   = "hep-ex",
      reportNumber   = "CERN-LPCC-2017-01",
      SLACcitation   = "%%CITATION = ARXIV:1703.05703;%%"
}

@article{MadDM,
      author         = "Backovic, Mihailo and Martini, Antony and Kong,
                        Kyoungchul and Mattelaer, Olivier and Mohlabeng, Gopolang",
      title          = "{MadDM: New dark matter tool in the LHC era}",
      booktitle      = "{Proceedings, Workshop on Neutrino Physics : Session of
                        CETUP* 2015 and  9th International Conference on
                        Interconnections between Particle Physics and Cosmology
                        (PPC2015): Lead/Deadwood, South Dakota, USA, July 6-17,
                        2015}",
      journal        = "AIP Conf. Proc.",
      volume         = "1743",
      year           = "2016",
      pages          = "060001",
      doi            = "10.1063/1.4953318",
      eprint         = "1509.03683",
      archivePrefix  = "arXiv",
      primaryClass   = "hep-ph",
      SLACcitation   = "%%CITATION = ARXIV:1509.03683;%%"
}

@article{DMUnitarity,
      author         = "Kahlhoefer, Felix and Schmidt-Hoberg, Kai and Schwetz,
                        Thomas and Vogl, Stefan",
      title          = "{Implications of unitarity and gauge invariance for
                        simplified dark matter models}",
      journal        = "JHEP",
      volume         = "02",
      year           = "2016",
      pages          = "016",
      doi            = "10.1007/JHEP02(2016)016",
      eprint         = "1510.02110",
      archivePrefix  = "arXiv",
      primaryClass   = "hep-ph",
      reportNumber   = "DESY-15-182",
      SLACcitation   = "%%CITATION = ARXIV:1510.02110;%%"
}

@ARTICLE{DMGalaxy,
   author = {{Rubin}, V.~C. and {Ford}, Jr., W.~K. and {Thonnard}, N.},
    title = "{Rotational properties of 21 SC galaxies with a large range of luminosities and radii, from NGC 4605 /R = 4kpc/ to UGC 2885 /R = 122 kpc/}",
  journal = {The Astrophysical Journal},
 keywords = {Astronomical Spectroscopy, Galactic Evolution, Galactic Rotation, Galaxies, Stellar Luminosity, Dynamic Characteristics, Galactic Nuclei, Morphology, Radial Velocity, Radii},
     year = 1980,
    month = jun,
   volume = 238,
    pages = {471-487},
      doi = {10.1086/158003},
   adsurl = {http://adsabs.harvard.edu/abs/1980ApJ...238..471R},
  adsnote = {Provided by the SAO/NASA Astrophysics Data System}
}

@article{DMCMB,
      author         = "Slatyer, Tracy R. and Wu, Chih-Liang",
      title          = "{General Constraints on Dark Matter Decay from the Cosmic
                        Microwave Background}",
      journal        = "Phys. Rev.",
      volume         = "D95",
      year           = "2017",
      number         = "2",
      pages          = "023010",
      doi            = "10.1103/PhysRevD.95.023010",
      eprint         = "1610.06933",
      archivePrefix  = "arXiv",
      primaryClass   = "astro-ph.CO",
      reportNumber   = "MIT-CTP-4842",
      SLACcitation   = "%%CITATION = ARXIV:1610.06933;%%"
}

@article{WStar,
      author         = "Chizhov, M. V. and Dvali, Gia",
      title          = "{Origin and Phenomenology of Weak-Doublet Spin-1 Bosons}",
      journal        = "Phys. Lett.",
      volume         = "B703",
      year           = "2011",
      pages          = "593-598",
      doi            = "10.1016/j.physletb.2011.08.056",
      eprint         = "0908.0924",
      archivePrefix  = "arXiv",
      primaryClass   = "hep-ph",
      reportNumber   = "CERN-PH-TH-2009-146",
      SLACcitation   = "%%CITATION = ARXIV:0908.0924;%%"
}

@article{WStarTopology,
      author         = "Chizhov, M. V. and Bednyakov, V. A. and Budagov, J. A.",
      title          = "{A unique signal of excited bosons in dijet data from
                        pp-collisions}",
      journal        = "Phys. Atom. Nucl.",
      volume         = "75",
      year           = "2012",
      pages          = "90-96",
      doi            = "10.1134/S1063778812010061",
      eprint         = "1010.2648",
      archivePrefix  = "arXiv",
      primaryClass   = "hep-ph",
      SLACcitation   = "%%CITATION = ARXIV:1010.2648;%%"
}

@article{ADD,
      author         = "Arkani-Hamed, Nima and Dimopoulos, Savas and Dvali, G.
                        R.",
      title          = "{The Hierarchy problem and new dimensions at a
                        millimeter}",
      journal        = "Phys. Lett.",
      volume         = "B429",
      year           = "1998",
      pages          = "263-272",
      doi            = "10.1016/S0370-2693(98)00466-3",
      eprint         = "hep-ph/9803315",
      archivePrefix  = "arXiv",
      primaryClass   = "hep-ph",
      reportNumber   = "SLAC-PUB-7769, SU-ITP-98-13",
      SLACcitation   = "%%CITATION = HEP-PH/9803315;%%"
}

@article{QBH,
      author         = "Meade, Patrick and Randall, Lisa",
      title          = "{Black Holes and Quantum Gravity at the LHC}",
      journal        = "JHEP",
      volume         = "05",
      year           = "2008",
      pages          = "003",
      doi            = "10.1088/1126-6708/2008/05/003",
      eprint         = "0708.3017",
      archivePrefix  = "arXiv",
      primaryClass   = "hep-ph",
      SLACcitation   = "%%CITATION = ARXIV:0708.3017;%%"
}

@article{CT14PDF,
      author         = "Dulat, Sayipjamal and Hou, Tie-Jiun and Gao, Jun and
                        Guzzi, Marco and Huston, Joey and Nadolsky, Pavel and
                        Pumplin, Jon and Schmidt, Carl and Stump, Daniel and Yuan,
                        C. P.",
      title          = "{New parton distribution functions from a global analysis
                        of quantum chromodynamics}",
      journal        = "Phys. Rev.",
      volume         = "D93",
      year           = "2016",
      number         = "3",
      pages          = "033006",
      doi            = "10.1103/PhysRevD.93.033006",
      eprint         = "1506.07443",
      archivePrefix  = "arXiv",
      primaryClass   = "hep-ph",
      SLACcitation   = "%%CITATION = ARXIV:1506.07443;%%"
}

@article{Sherpa,
      author         = "Gleisberg, T. and others",
      title          = "{Event generation with SHERPA 1.1}",
      journal        = "JHEP",
      volume         = "02",
      pages          = "007",
      doi            = "10.1088/1126-6708/2009/02/007",
      year           = "2009",
      eprint         = "0811.4622",
      archivePrefix  = "arXiv",
      primaryClass   = "hep-ph",
}





%%%LIMIT SETTING STUFF%%%

@book{Bayesian,
  title={Bayesian Methods for Data Analysis, Third Edition},
  author={Carlin, B.P. and Louis, T.A.},
  isbn={9781584886983},
  series={Chapman \& Hall/CRC Texts in Statistical Science},
  url={https://books.google.com/books?id=GTJUt8fcFx8C},
  year={2008},
  publisher={CRC Press}
}

@ARTICLE{BAT,
   author = {{Caldwell}, A. and {Koll{\'a}r}, D. and {Kr{\"o}ninger}, K.},
    title = "{BAT - The Bayesian analysis toolkit}",
  journal = {Computer Physics Communications},
archivePrefix = "arXiv",
   eprint = {0808.2552},
 primaryClass = "physics.data-an",
 keywords = {Data analysis, Markov Chain Monte Carlo, Distribution theory and Monte Carlo studies, Probability theory stochastic processes and statistics, Markov processes},
     year = 2009,
    month = nov,
   volume = 180,
    pages = {2197-2209},
      doi = {10.1016/j.cpc.2009.06.026},
   adsurl = {http://adsabs.harvard.edu/abs/2009CoPhC.180.2197C},
  adsnote = {Provided by the SAO/NASA Astrophysics Data System}
}